<?xml version="1.0" encoding="UTF-8"?><collection xmlns="http://www.loc.gov/MARC21/slim"><record><leader>00475nam--2200157-i-4500</leader><controlfield tag="001">000005036</controlfield><controlfield tag="002">20161230</controlfield><controlfield tag="005">20170116233351</controlfield><controlfield tag="008">060222s1000------------r-----000-0-eng-d</controlfield><datafield ind1=" " ind2=" " tag="100"><subfield code="a">Accary, A</subfield></datafield><datafield ind1=" " ind2=" " tag="245"><subfield code="a">Etude de la diffusion dans les laitons alpha au moyen des methodes d evaporation ou de con densation du zinc</subfield></datafield><datafield ind1=" " ind2=" " tag="260"><subfield code="a">Saclay</subfield><subfield code="b">Centre D Etudes Nucleaires</subfield><subfield code="c">1959</subfield></datafield><datafield ind1=" " ind2=" " tag="300"><subfield code="a">11 p</subfield></datafield><datafield ind1=" " ind2=" " tag="490"><subfield code="a">Cea Nr.1292 (Franta)</subfield></datafield><datafield ind1=" " ind2=" " tag="852"><subfield code="a">13455</subfield></datafield><datafield ind1=" " ind2=" " tag="CAT"><subfield code="a">SYS</subfield><subfield code="c">20170116</subfield><subfield code="h">233351</subfield></datafield></record></collection>